<?xml version="1.0" encoding="UTF-8"?><collection xmlns="http://www.loc.gov/MARC21/slim"><record><leader>00421nam--2200145-i-4500</leader><controlfield tag="001">000042526</controlfield><controlfield tag="002">20161230</controlfield><controlfield tag="005">20161230201043</controlfield><controlfield tag="008">060222s1000------------r-----000-0-eng-d</controlfield><datafield ind1=" " ind2=" " tag="080"><subfield code="a">519.876.5:519.87</subfield></datafield><datafield ind1=" " ind2=" " tag="100"><subfield code="a">Spriet,Jan A. And Vansteenkiste,Ghislain C</subfield></datafield><datafield ind1=" " ind2=" " tag="245"><subfield code="a">Computer-aided modeling and simulation</subfield></datafield><datafield ind1=" " ind2=" " tag="260"><subfield code="a">London, Academic Press, 1982. X + 490 P</subfield></datafield><datafield ind1=" " ind2=" " tag="490"><subfield code="a">Int.Lect.Series In Computer Sc</subfield></datafield><datafield ind1=" " ind2=" " tag="852"><subfield code="a">70279</subfield></datafield></record></collection>